<?xml version="1.0" encoding="UTF-8"?><collection xmlns="http://www.loc.gov/MARC21/slim"><record><leader>00560nam--2200205-i-4500</leader><controlfield tag="001">000030031</controlfield><controlfield tag="002">20161230</controlfield><controlfield tag="005">20161230201038</controlfield><controlfield tag="008">060222s1000------------r-----000-0-rum-d</controlfield><datafield ind1=" " ind2=" " tag="040"><subfield code="a">IFIN-HH</subfield></datafield><datafield ind1=" " ind2=" " tag="041"><subfield code="a">rum</subfield></datafield><datafield ind1=" " ind2=" " tag="080"><subfield code="a">53(075.8)</subfield></datafield><datafield ind1="1" ind2=" " tag="100"><subfield code="a">Luca, Emil</subfield></datafield><datafield ind1="1" ind2="0" tag="245"><subfield code="a">Fizica generala</subfield><subfield code="c">Emil luca, corneliu ciubotariu, gheorghe zet, anastasia paduraru</subfield></datafield><datafield ind1=" " ind2=" " tag="250"><subfield code="a">Editia A 11-a</subfield></datafield><datafield ind1=" " ind2=" " tag="260"><subfield code="a">Bucuresti</subfield><subfield code="b">Editura Didactica Si Pedagogica</subfield><subfield code="c">1981</subfield></datafield><datafield ind1=" " ind2=" " tag="300"><subfield code="a">669P</subfield></datafield><datafield ind1="1" ind2=" " tag="700"><subfield code="a">Paduraru, Anastasia</subfield></datafield><datafield ind1=" " ind2=" " tag="852"><subfield code="a">49417</subfield><subfield code="c">53</subfield></datafield><datafield ind1=" " ind2=" " tag="CAT"><subfield code="a">Sys</subfield><subfield code="c">20150401</subfield><subfield code="h">084132</subfield></datafield></record></collection>